
@book{RAMM:2011,
  author    = {Frederik Ramm and Jochen Topf and Steve Childon},
  title     = {OpenStreetMap --- Using and Enhancing the Free Map of the World},
  year      = 2011,
  publisher = {UIT Cambridge Ltd.},
  page      = 1,
  note      = {Note: A good summary of the basics of the OpenStreetMap project. Some content is a little out of date, especially the sections on editors and tools for mappers. Notably the online editor referred to here, Potlatch, is no longer available, having been superseded by iD in 2013.}
}

@online{OSMStats,
  author  = {Pascal Neis},
  url     = {https://osmstats.neis-one.org/?item=members},
  title   = {OSMStats --- Statisics of the free wiki world map},
  urldate = {2022-09-29},
  note    = {Note: Useful set of statistics about the OpenStreetMap project. This includes the number of registered users, the number of edits, and the number of objects in the database.}
}

@online{every-door,
  author = {Ilya Zverev},
  url    = {https://every-door.app/},
  title  = {Every Door},
  note   = {Note: A new mobile OSM editor, released in 2022, focussed on adding points of interest and other data best gathered on foot. In July 2022, I added the ability to view the history of an element to the app via a \href{https://github.com/Zverik/every_door/pull/338}{pull request}.}
}

@online{osmand,
  author = {OsmAnd BV},
  url    = {https://osmand.net/},
  title  = {OsmAnd},
  note   = {Note: Offline OSM map viewer for Android and iOS\@. The app is open source, and provides a swiss army knife of features.}
}

@online{organic-maps,
  author = {Organic Maps OÜ},
  url    = {https://organicmaps.app/},
  title  = {Organic Maps},
  note   = {Note: Offline OSM map viewer. Fork of Maps.me, after it was acquired and made closed source.}
}

@online{maps.me,
  author = {Maps.me (Cyprus) Limited},
  url    = {https://maps.me/},
  title  = {Maps.me},
  note   = {Note: Most popular OSM-based map app on the Android platform. Was historically open source, but was acquired by another company and made closed source.}
}

@online{magic-earth,
  author = {Magic Earth},
  url    = {https://www.magicearth.com/},
  title  = {Magic Earth},
  note   = {Note: Proprietary OSM-based mobile map viewer.}
}

@online{kde-marble,
  author = {KDE Marble Contributors},
  url    = {https://marble.kde.org/},
  title  = {KDE Marble},
  note   = {Note: Open source map viewer for desktop, with cross-platform support. Has basic support for downloading OSM maps.}
}

@online{OSMF-tile-usage-policy,
  author  = {OpenStreetMap Foundation},
  title   = {Tile Usage Policy: Bulk Downloading},
  url     = {https://operations.osmfoundation.org/policies/tiles/\#bulk-downloading},
  urldate = {2022-09-29}
}

@online{osm-api-wiki,
  author  = {OpenStreetMap Wiki Contributors},
  title   = {OpenStreetMap API},
  url     = {https://wiki.openstreetmap.org/wiki/API},
  urldate = {2022-09-29}
}

@online{OSM-editing-API-usage-policy,
  author  = {OpenStreetMap Wiki Contributors},
  title   = {API: Terms of use},
  url     = {https://wiki.openstreetmap.org/wiki/API\#Terms_of_use},
  urldate = {2022-09-29}
}

@online{cruiser,
  author = {\href{https://devemux86.github.io/}{\texttt{devemux86}}},
  url    = {https://wiki.openstreetmap.org/wiki/Cruiser},
  title  = {Cruiser},
  note   = {Note: A cross-platform offline first OSM map viewer. Is based on the Mapsforge library, but is not open source.}
}

@online{mapsforge-format,
  author  = {Mapsforge},
  date    = 2017,
  url     = {https://github.com/mapsforge/mapsforge/blob/master/docs/Specification-Binary-Map-File.md},
  title   = {Mapsforge Binary Map File Format Specification},
  urldate = {2022-09-29},
  note    = {Note: The specification for the Mapsforge binary map format. This format is quite popular, and is used by a \href{https://github.com/mapsforge/mapsforge/blob/master/docs/Mapsforge-Applications.md}{number of applications}.}
}

@online{mdn-file-directories-api,
  author  = {MDN Contributors},
  title   = {Introduction to the File and Directory Entries API},
  year    = 2022,
  url     = {https://developer.mozilla.org/en-US/docs/Web/API/File_and_Directory_Entries_API/Introduction},
  urldate = {2022-10-12}
}

@techreport{w3c-file-directories-api,
  author      = {Joshua Bell},
  title       = {File and Directory Entries API},
  month       = sep,
  url         = {https://wicg.github.io/entries-api/},
  year        = {2022},
  type        = {{W3C} Draft Community Group Report},
  institution = {W3C}
}

@online{mbtiles-spec,
  author  = {Mapbox},
  title   = {MBTiles Specification},
  year    = 2018,
  url     = {https://github.com/mapbox/mbtiles-spec},
  urldate = {2022-10-12}
}

@online{mdn-application-cache,
  author  = {MDN Contributors},
  title   = {\texttt{Window.applicationCache}},
  year    = 2022,
  url     = {https://developer.mozilla.org/en-US/docs/Web/API/Window/applicationCache},
  urldate = {2022-10-17}
}

@online{whatwg-application-cache,
  author  = {WHATWG},
  title   = {HTML Living Standard: 7.11.2 Application caches},
  year    = 2020,
  url     = {https://html.spec.whatwg.org/commit-snapshots/27ca698a224a4fcf59b647be80a0c86c3c6abba5/#appcache},
  urldate = {2022-10-17},
  note    = {Note: link to a snapshot, as this has since been removed from the standard}
}

@techreport{w3c-file-api,
  author      = {Marijn Kruisselbrink},
  title       = {File API},
  month       = oct,
  url         = {https://w3c.github.io/FileAPI/},
  year        = {2022},
  type        = {{W3C} Editor’s Draft},
  institution = {W3C}
}

@online{mdn-file-directories-api-limitations,
  author  = {MDN Contributors},
  title   = {File and Directory Entries API support in Firefox: Limitations},
  year    = 2022,
  url     = {https://developer.mozilla.org/en-US/docs/Web/API/File_and_Directory_Entries_API/Firefox_support#limitations_in_firefox},
  urldate = {2022-10-17}
}

@online{gd-offline-html5-storage,
  author  = {Google Developers},
  title   = {Managing HTML5 Offline Storage},
  year    = 2018,
  url     = {https://developer.chrome.com/docs/apps/offline_storage/},
  urldate = {2022-10-17}
}

@techreport{w3c-service-workers-caches,
  author      = {Jake Archibald and Marijn Kruisselbrink},
  title       = {Service Workers Nightly: Caches},
  month       = jun,
  url         = {https://w3c.github.io/ServiceWorker/#cache-objects},
  year        = {2022},
  type        = {{W3C} Editor’s Draft},
  institution = {W3C}
}

@online{osm-wiki-limited-area,
  author  = {OpenStreetMap Wiki Contributors},
  title   = {Downloading data: Choose your region},
  url     = {https://wiki.openstreetmap.org/wiki/Downloading_data#Choose_your_region},
  urldate = {2022-10-20}
}
@online{osm-wiki-tile-names,
  author  = {OpenStreetMap Wiki Contributors},
  title   = {Slippy map tilenames},
  url     = {https://wiki.openstreetmap.org/wiki/Slippy_map_tilenames},
  urldate = {2022-10-20}
}

@online{osm-wiki-offline,
  author  = {OpenStreetMap Wiki Contributors},
  title   = {Using OpenStreetMap offline: Frameworks},
  url     = {https://wiki.openstreetmap.org/wiki/Using_OpenStreetMap_offline#Frameworks},
  urldate = {2022-10-20}
}

@online{mapsforge,
  author  = {Mapsforge},
  title   = {Mapsforge Project Homepage},
  url     = {https://github.com/mapsforge/mapsforge},
  urldate = {2022-10-20}
}

@online{apps-using-mapsforge,
  author  = {Mapsforge},
  title   = {Applications using Mapsforge software},
  url     = {https://github.com/mapsforge/mapsforge/blob/master/docs/Mapsforge-Applications.md},
  urldate = {2022-10-20}
}

@online{mapbox-mbtiles,
  author  = {Mapbox},
  title   = {MBTiles},
  url     = {https://docs.mapbox.com/help/glossary/mbtiles/},
  urldate = {2022-10-20}
}

@book{canters2002small,
  title     = {Small-Scale Map Projection Design},
  pages     = {5},
  author    = {Canters, F.},
  isbn      = {9780203472095},
  series    = {In Focus--Routledge Film Readers},
  url       = {https://books.google.co.uk/books?id=RZDUDwAAQBAJ},
  year      = {2002},
  publisher = {CRC Press}
}

@online{wa-equirectangular,
  author  = {Eric W. Weisstein},
  title   = {Equirectangular Projection},
  note    = {From MathWorld --- A Wolfram Web Resource},
  url     = {https://mathworld.wolfram.com/EquirectangularProjection.html},
  urldate = {2022-10-23}
}

@online{osm-wiki-wgs84,
  author  = {OpenStreetMap Wiki Contributors},
  title   = {Converting to WGS84},
  url     = {https://wiki.openstreetmap.org/wiki/Converting_to_WGS84},
  urldate = {2022-10-23}
}

@online{osm-wiki-mercator,
  author  = {OpenStreetMap Wiki Contributors},
  title   = {Mercator},
  url     = {https://wiki.openstreetmap.org/wiki/Mercator},
  urldate = {2022-11-25}
}

@online{epsg.io-epsg:4326,
  author  = {EPSG},
  title   = {EPSG:4326 --- WGS84: World Geodetic System 1984, used in GPS},
  url     = {https://epsg.io/4326},
  urldate = {2022-10-23}
}

@online{ugrc-earth-not-round,
  author  = {Utah Geospatial Resource Center},
  title   = {The Earth is Not Round! Utah, NAD83 and WebMercator Projections},
  url     = {https://gis.utah.gov/nad83-and-webmercator-projections/},
  urldate = {2022-10-23}
}

@article{carto-implications-of-webmercator,
  author  = {Sarah E. Battersby and Michael P. Finn and E. Lynn Usery and Kristina H. Yamamoto},
  title   = {Implications of Web Mercator and Its Use in Online Mapping},
  journal = {Cartographica: The International Journal for Geographic Information and Geovisualization},
  volume  = {49},
  number  = {2},
  pages   = {85-101},
  year    = {2014},
  doi     = {10.3138/carto.49.2.2313}
}

@book{snyder1987map,
  title     = {Map Projections: A Working Manual},
  author    = {J.P. Snyder},
  isbn      = {9780160033605},
  lccn      = {87600250},
  series    = {Geological Survey Bulletin Series},
  url       = {https://books.google.co.uk/books?id=nPdOAAAAMAAJ},
  year      = {1987},
  publisher = {U.S. Government Printing Office}
}

@book{fulton2013html5,
  title     = {HTML5 Canvas: Native Interactivity and Animation for the Web},
  author    = {Fulton, S. and Fulton, J.},
  isbn      = {9781449335885},
  lccn      = {2013454539},
  url       = {https://books.google.co.uk/books?id=zLUyKvtdCQwC},
  year      = {2013},
  publisher = {O'Reilly Media}
}

@online{mdn-canvas-api,
  author  = {MDN Contributors},
  title   = {Canvas API},
  year    = 2022,
  url     = {https://developer.mozilla.org/en-US/docs/Web/API/Canvas_API},
  urldate = {2022-11-02}
}
@online{mdn-web-gl,
  author  = {MDN Contributors},
  title   = {\texttt{WebGL2RenderingContext}},
  year    = 2022,
  url     = {https://developer.mozilla.org/en-US/docs/Web/API/WebGL2RenderingContext},
  urldate = {2022-11-02}
}

@online{mapbox-gl-js,
  author  = {Mapbox},
  title   = {Mapbox GL JS},
  year    = 2022,
  url     = {https://docs.mapbox.com/mapbox-gl-js/guides/},
  urldate = {2022-11-02}
}

@online{mdn-canvas-draw-text,
  author  = {MDN Contributors},
  title   = {Canvas API: Drawing text},
  year    = 2022,
  url     = {https://developer.mozilla.org/en-US/docs/Web/API/Canvas_API/Tutorial/Drawing_text},
  urldate = {2022-11-02}
}

@online{mdn-canvas-rotating,
  author  = {MDN Contributors},
  title   = {Canvas API: Transformations: Rotating},
  year    = 2022,
  url     = {https://developer.mozilla.org/en-US/docs/Web/API/Canvas_API/Tutorial/Transformations#rotating},
  urldate = {2022-11-21}
}

@online{mdn-canvas-path-2d,
  author  = {MDN Contributors},
  title   = {Canvas API: Path2D},
  year    = 2022,
  url     = {https://developer.mozilla.org/en-US/docs/Web/API/Path2D},
  urldate = {2022-11-21}
}

@inproceedings{nielsen-heuristics,
  title     = {Enhancing the explanatory power of usability heuristics},
  author    = {Nielsen, Jakob},
  booktitle = {Proceedings of the SIGCHI conference on Human Factors in Computing Systems},
  pages     = {152--158},
  year      = {1994}
}

@online{geojson.io,
  author  = {Mapbox},
  title   = {\texttt{geojson.io}},
  url     = {https://geojson.io/},
  urldate = {2022-11-25}
}

@online{natural-earth,
  author  = {Natural Earth},
  title   = {1:110m Cultural Vectors: Admin 0 -- Countries},
  url     = {https://www.naturalearthdata.com/downloads/110m-cultural-vectors/},
  urldate = {2022-11-26}
}

@online{mdn-request-animation-frame,
  author  = {MDN Contributors},
  title   = {\texttt{Window.requestAnimationFrame()}},
  year    = 2022,
  url     = {https://developer.mozilla.org/en-US/docs/Web/API/window/requestAnimationFrame},
  urldate = {2022-11-26}
}

@online{osm-wiki-multipolygon,
  author  = {OpenStreetMap Wiki Contributors},
  title   = {Relation:multipolygon},
  url     = {https://wiki.openstreetmap.org/wiki/Relation:multipolygon},
  urldate = {2022-11-27}
}

@online{osm-wiki,
  author  = {OpenStreetMap Wiki Contributors},
  title   = {OpenStreetMap Wiki: Main Page},
  url     = {https://wiki.openstreetmap.org/wiki/Main_Page},
  urldate = {2022-11-30}
}

@online{mdn,
  author  = {MDN Contributors},
  title   = {MDN Web Docs},
  url     = {https://developer.mozilla.org/en-US/},
  urldate = {2022-11-30}
}

@online{mdn-service-workers,
  author  = {MDN Contributors},
  title   = {Service Worker API},
  url     = {https://developer.mozilla.org/en-US/docs/Web/API/Service_Worker_API},
  urldate = {2022-11-30}
}

@online{conventional-commits,
  author  = {Conventional Commits},
  title   = {Conventional Commits: Specification},
  url     = {https://www.conventionalcommits.org/en/v1.0.0/#specification},
  urldate = {2022-11-30}
}

@online{mdn-html,
  author  = {MDN Contributors},
  title   = {HTML: HyperText Markup Language},
  url     = {https://developer.mozilla.org/en-US/docs/Web/HTML},
  urldate = {2022-11-30}
}

@online{mdn-es-modules,
  author  = {MDN Contributors},
  title   = {JavaScript modules},
  url     = {https://developer.mozilla.org/en-US/docs/Web/JavaScript/Guide/Modules},
  urldate = {2022-11-30}
}

@online{sitepoint-using-es-modules,
  author  = {SitePoint Pty. Ltd},
  title   = {Using ES Modules in the Browser Today},
  url     = {https://www.sitepoint.com/using-es-modules/},
  urldate = {2022-11-30}
}

@online{esbuild,
  author  = {Evan Wallace},
  title   = {\texttt{esbuild}},
  url     = {https://esbuild.github.io/},
  urldate = {2022-11-30}
}

@online{mdn-element-reference-canvas,
  author  = {MDN Contributors},
  title   = {Element Reference: \texttt{<canvas>}: The Graphics Canvas element},
  url     = {https://developer.mozilla.org/en-US/docs/Web/HTML/Element/canvas#accessibility_concerns},
  urldate = {2023-01-19}
}

@article{accessible-wayfinding-belt,
  author  = {Grierson, Lawrence and Zelek, John and Carnahan, Heather},
  year    = {2009},
  month   = {12},
  pages   = {203-215},
  title   = {The Application of a Tactile Wayfinding Belt to Facilitate Navigation in Older Persons},
  volume  = {34},
  journal = {Ageing International},
  doi     = {10.1007/s12126-009-9039-2}
}
