@book{fulton2013html5,
  title={HTML5 Canvas: Native Interactivity and Animation for the Web},
  author={Fulton, S. and Fulton, J.},
  isbn={9781449335885},
  lccn={2013454539},
  url={https://books.google.co.uk/books?id=zLUyKvtdCQwC},
  year={2013},
  publisher={O'Reilly Media}
}

@online{mdn-canvas-api,
  author  = {MDN Contributors},
  title   = {Canvas API},
  year    = 2022,
  url     = {https://developer.mozilla.org/en-US/docs/Web/API/Canvas_API},
  urldate = {2022-11-02}
}
@online{mdn-web-gl,
  author  = {MDN Contributors},
  title   = {\texttt{WebGL2RenderingContext}},
  year    = 2022,
  url     = {https://developer.mozilla.org/en-US/docs/Web/API/WebGL2RenderingContext},
  urldate = {2022-11-02}
}

@online{mapbox-gl-js,
  author  = {Mapbox},
  title   = {Mapbox GL JS},
  year    = 2022,
  url     = {https://docs.mapbox.com/mapbox-gl-js/guides/},
  urldate = {2022-11-02}
}

@online{mdn-canvas-draw-text,
  author  = {MDN Contributors},
  title   = {Canvas API: Drawing text},
  year    = 2022,
  url     = {https://developer.mozilla.org/en-US/docs/Web/API/Canvas_API/Tutorial/Drawing_text},
  urldate = {2022-11-02}
}