@online{mdn-file-directories-api,
  author  = {MDN Contributors},
  title   = {Introduction to the File and Directory Entries API},
  year    = 2022,
  url     = {https://developer.mozilla.org/en-US/docs/Web/API/File_and_Directory_Entries_API/Introduction},
  urldate = {2022-10-12}
}

@techreport{w3c-file-directories-api,
  author      = {Joshua Bell},
  title       = {File and Directory Entries API},
  month       = sep,
  url         = {https://wicg.github.io/entries-api/},
  year        = {2022},
  type        = {{W3C} Draft Community Group Report},
  institution = {W3C}
}

@online{mbtiles-spec,
  author  = {Mapbox},
  title   = {MBTiles Specification},
  year    = 2018,
  url     = {https://github.com/mapbox/mbtiles-spec},
  urldate = {2022-10-12}
}

@online{mapsforge-spec,
  author  = {Mapsforge},
  title   = {Mapsforge Binary Map File Format Specification},
  year    = 2017,
  url     = {https://github.com/mapsforge/mapsforge/blob/master/docs/Specification-Binary-Map-File.md},
  urldate = {2022-09-29}
}

@online{mdn-application-cache,
  author  = {MDN Contributors},
  title   = {\texttt{Window.applicationCache}},
  year    = 2022,
  url     = {https://developer.mozilla.org/en-US/docs/Web/API/Window/applicationCache},
  urldate = {2022-10-17}
}

@online{whatwg-application-cache,
  author  = {WHATWG},
  title   = {HTML Living Standard: 7.11.2 Application caches},
  year    = 2020,
  url     = {https://html.spec.whatwg.org/commit-snapshots/27ca698a224a4fcf59b647be80a0c86c3c6abba5/#appcache},
  urldate = {2022-10-17},
  note    = {Note: link to a snapshot, as this has since been removed from the standard}
}

@techreport{w3c-file-api,
  author      = {Marijn Kruisselbrink},
  title       = {File API},
  month       = oct,
  url         = {https://w3c.github.io/FileAPI/},
  year        = {2022},
  type        = {{W3C} Editor’s Draft},
  institution = {W3C}
}

@online{mdn-file-directories-api-limitations,
  author  = {MDN Contributors},
  title   = {File and Directory Entries API support in Firefox: Limitations},
  year    = 2022,
  url     = {https://developer.mozilla.org/en-US/docs/Web/API/File_and_Directory_Entries_API/Firefox_support#limitations_in_firefox},
  urldate = {2022-10-17}
}

@online{gd-offline-html5-storage,
  author  = {Google Developers},
  title   = {Managing HTML5 Offline Storage},
  year    = 2018,
  url     = {https://developer.chrome.com/docs/apps/offline_storage/},
  urldate = {2022-10-17}
}

@techreport{w3c-service-workers-caches,
  author      = {Jake Archibald, and
                 Marijn Kruisselbrink},
  title       = {Service Workers Nightly: Caches},
  month       = jun,
  url         = {https://w3c.github.io/ServiceWorker/#cache-objects},
  year        = {2022},
  type        = {{W3C} Editor’s Draft},
  institution = {W3C}
}

@online{osm-owg-tile-usage-policy,
  author  = {OpenStreetMap Operations Working Group},
  title   = {API Usage Policy},
  url     = {https://operations.osmfoundation.org/policies/api/},
  urldate = {2022-10-20}
}
@online{osm-wiki-limited-area,
  author  = {OpenStreetMap Wiki Contributors},
  title   = {Downloading data: Choose your region},
  url     = {https://wiki.openstreetmap.org/wiki/Downloading_data#Choose_your_region},
  urldate = {2022-10-20}
}
@online{osm-wiki-tile-names,
  author  = {OpenStreetMap Wiki Contributors},
  title   = {Slippy map tilenames},
  url     = {https://wiki.openstreetmap.org/wiki/Slippy_map_tilenames},
  urldate = {2022-10-20}
}

@online{osm-wiki-offline,
  author  = {OpenStreetMap Wiki Contributors},
  title   = {Using OpenStreetMap offline: Frameworks},
  url     = {https://wiki.openstreetmap.org/wiki/Using_OpenStreetMap_offline#Frameworks},
  urldate = {2022-10-20}
}

@online{mapsforge,
  author  = {Mapsforge},
  title   = {Mapsforge Project Homepage},
  url     = {https://github.com/mapsforge/mapsforge},
  urldate = {2022-10-20}
}

@online{apps-using-mapsforge,
  author  = {Mapsforge},
  title   = {Applications using Mapsforge software},
  url     = {https://github.com/mapsforge/mapsforge/blob/master/docs/Mapsforge-Applications.md},
  urldate = {2022-10-20}
}

@online{mapbox-mbtiles,
  author  = {Mapbox},
  title   = {MBTiles},
  url     = {https://docs.mapbox.com/help/glossary/mbtiles/},
  urldate = {2022-10-20}
}

@online{mapsforge-binary-format,
  author  = {Mapsforge},
  title   = {Mapsforge Binary Map File Format},
  url     = {https://github.com/mapsforge/mapsforge/blob/master/docs/Specification-Binary-Map-File.md},
  urldate = {2022-10-20}
}

@book{canters2002small,
  title     = {Small-Scale Map Projection Design},
  pages     = {5},
  author    = {Canters, F.},
  isbn      = {9780203472095},
  series    = {In Focus--Routledge Film Readers},
  url       = {https://books.google.co.uk/books?id=RZDUDwAAQBAJ},
  year      = {2002},
  publisher = {CRC Press}
}

@online{wa-equirectangular,
  author  = {Weisstein, Eric W},
  title   = {Equirectangular Projection},
  note    = {From MathWorld --- A Wolfram Web Resource},
  url     = {https://mathworld.wolfram.com/EquirectangularProjection.html},
  urldate = {2022-10-23}
}

@online{osm-wiki-wgs84,
  author  = {OpenStreetMap Wiki Contributors},
  title   = {Converting to WGS84},
  url     = {https://wiki.openstreetmap.org/wiki/Converting_to_WGS84},
  urldate = {2022-10-23}
}

@online{epsg.io-epsg:4326,
  author  = {EPSG},
  title   = {EPSG:4326 --- WGS84: World Geodetic System 1984, used in GPS},
  url     = {https://epsg.io/4326},
  urldate = {2022-10-23}
}

@online{ugrc-earth-not-round,
  author  = {Utah Geospatial Resource Center},
  title   = {The Earth is Not Round! Utah, NAD83 and WebMercator Projections},
  url     = {https://gis.utah.gov/nad83-and-webmercator-projections/},
  urldate = {2022-10-23}
}

@article{carto-implications-of-webmercator,
  author  = {Battersby, Sarah E. and Finn, Michael P. and Usery, E. Lynn and Yamamoto, Kristina H.},
  title   = {Implications of Web Mercator and Its Use in Online Mapping},
  journal = {Cartographica: The International Journal for Geographic Information and Geovisualization},
  volume  = {49},
  number  = {2},
  pages   = {85-101},
  year    = {2014},
  doi     = {10.3138/carto.49.2.2313}
}

@book{snyder1987map,
  title={Map Projections: A Working Manual},
  author={Snyder, J.P.},
  isbn={9780160033605},
  lccn={87600250},
  series={Geological Survey Bulletin Series},
  url={https://books.google.co.uk/books?id=nPdOAAAAMAAJ},
  year={1987},
  publisher={U.S. Government Printing Office}
}

@book{fulton2013html5,
  title={HTML5 Canvas: Native Interactivity and Animation for the Web},
  author={Fulton, S. and Fulton, J.},
  isbn={9781449335885},
  lccn={2013454539},
  url={https://books.google.co.uk/books?id=zLUyKvtdCQwC},
  year={2013},
  publisher={O'Reilly Media}
}

@online{mdn-canvas-api,
  author  = {MDN Contributors},
  title   = {Canvas API},
  year    = 2022,
  url     = {https://developer.mozilla.org/en-US/docs/Web/API/Canvas_API},
  urldate = {2022-11-02}
}
@online{mdn-web-gl,
  author  = {MDN Contributors},
  title   = {\texttt{WebGL2RenderingContext}},
  year    = 2022,
  url     = {https://developer.mozilla.org/en-US/docs/Web/API/WebGL2RenderingContext},
  urldate = {2022-11-02}
}

@online{mapbox-gl-js,
  author  = {Mapbox},
  title   = {Mapbox GL JS},
  year    = 2022,
  url     = {https://docs.mapbox.com/mapbox-gl-js/guides/},
  urldate = {2022-11-02}
}
