@book{canters2002small,
  title     = {Small-Scale Map Projection Design},
  pages     = {5},
  author    = {Canters, F.},
  isbn      = {9780203472095},
  series    = {In Focus--Routledge Film Readers},
  url       = {https://books.google.co.uk/books?id=RZDUDwAAQBAJ},
  year      = {2002},
  publisher = {CRC Press}
}

@online{wa-equirectangular,
  author  = {Weisstein, Eric W},
  title   = {Equirectangular Projection},
  note    = {From MathWorld --- A Wolfram Web Resource},
  url     = {https://mathworld.wolfram.com/EquirectangularProjection.html},
  urldate = {2022-10-23}
}

@online{osm-wiki-wgs84,
  author  = {OpenStreetMap Wiki Contributors},
  title   = {Converting to WGS84},
  url     = {https://wiki.openstreetmap.org/wiki/Converting_to_WGS84},
  urldate = {2022-10-23}
}

@online{epsg.io-epsg:4326,
  author  = {EPSG},
  title   = {EPSG:4326 --- WGS84: World Geodetic System 1984, used in GPS},
  url     = {https://epsg.io/4326},
  urldate = {2022-10-23}
}

