@online{osm-owg-tile-usage-policy,
  author  = {OpenStreetMap Operations Working Group},
  title   = {API Usage Policy},
  url     = {https://operations.osmfoundation.org/policies/api/},
  urldate = {2022-10-20}
}
@online{osm-wiki-limited-area,
  author  = {OpenStreetMap Wiki Contributors},
  title   = {Downloading data: Choose your region},
  url     = {https://wiki.openstreetmap.org/wiki/Downloading_data#Choose_your_region},
  urldate = {2022-10-20}
}
@online{osm-wiki-tile-names,
  author  = {OpenStreetMap Wiki Contributors},
  title   = {Slippy map tilenames},
  url     = {https://wiki.openstreetmap.org/wiki/Slippy_map_tilenames},
  urldate = {2022-10-20}
}

@online{osm-wiki-offline,
  author  = {OpenStreetMap Wiki Contributors},
  title   = {Using OpenStreetMap offline: Frameworks},
  url     = {https://wiki.openstreetmap.org/wiki/Using_OpenStreetMap_offline#Frameworks},
  urldate = {2022-10-20}
}

@online{mapsforge,
  author  = {Mapsforge},
  title   = {Mapsforge Project Homepage},
  url     = {https://github.com/mapsforge/mapsforge},
  urldate = {2022-10-20}
}

@online{apps-using-mapsforge,
  author  = {Mapsforge},
  title   = {Applications using Mapsforge software},
  url     = {https://github.com/mapsforge/mapsforge/blob/master/docs/Mapsforge-Applications.md},
  urldate = {2022-10-20}
}

@online{mapbox-mbtiles,
  author  = {Mapbox},
  title   = {MBTiles},
  url     = {https://docs.mapbox.com/help/glossary/mbtiles/},
  urldate = {2022-10-20}
}

@online{mapsforge-binary-format,
  author  = {Mapsforge},
  title   = {Mapsforge Binary Map File Format},
  url     = {https://github.com/mapsforge/mapsforge/blob/master/docs/Specification-Binary-Map-File.md},
  urldate = {2022-10-20}
}