@online{mdn-file-directories-api,
  author  = {MDN Contributors},
  title   = {Introduction to the File and Directory Entries API},
  year    = 2022,
  url     = {https://developer.mozilla.org/en-US/docs/Web/API/File_and_Directory_Entries_API/Introduction},
  urldate = {2022-10-12}
}

@techreport{w3c-file-directories-api,
  author      = {Joshua Bell},
  title       = {File and Directory Entries API},
  month       = sep,
  url         = {https://wicg.github.io/entries-api/},
  year        = {2022},
  type        = {{W3C} Draft Community Group Report},
  institution = {W3C}
}

@online{mbtiles-spec,
  author  = {Mapbox},
  title   = {MBTiles Specification},
  year    = 2018,
  url     = {https://github.com/mapbox/mbtiles-spec},
  urldate = {2022-10-12}
}

@online{mapsforge-spec,
  author  = {Mapsfoge},
  title   = {Mapsforge Binary Map File Format Specification},
  year    = 2017,
  url     = {https://github.com/mapsforge/mapsforge/blob/master/docs/Specification-Binary-Map-File.md},
  urldate = {2022-09-29}
}


